@inproceedings{zamani2016embedding,
  title={Embedding-based query language models},
  author={Zamani, Hamed and Croft, W Bruce},
  booktitle={Proceedings of the 2016 ACM international conference on the theory of information retrieval},
  pages={147--156},
  year={2016}
}

@inproceedings{tang2014learning,
  title={Learning sentiment-specific word embedding for twitter sentiment classification},
  author={Tang, Duyu and Wei, Furu and Yang, Nan and Zhou, Ming and Liu, Ting and Qin, Bing},
  booktitle={Proceedings of the 52nd Annual Meeting of the Association for Computational Linguistics (Volume 1: Long Papers)},
  pages={1555--1565},
  year={2014}
}

@inproceedings{li2016topic,
  title={Topic modeling for short texts with auxiliary word embeddings},
  author={Li, Chenliang and Wang, Haoran and Zhang, Zhiqian and Sun, Aixin and Ma, Zongyang},
  booktitle={Proceedings of the 39th International ACM SIGIR conference on Research and Development in Information Retrieval},
  pages={165--174},
  year={2016}
}

@article{yi2020topic,
  title={Topic modeling for short texts via word embedding and document correlation},
  author={Yi, Feng and Jiang, Bo and Wu, Jianjun},
  journal={IEEE Access},
  volume={8},
  pages={30692--30705},
  year={2020},
  publisher={IEEE}
}

@article{suryadi2018systematic,
  title={A systematic methodology based on word embedding for identifying the relation between online customer reviews and sales rank},
  author={Suryadi, Dedy and Kim, Harrison},
  journal={Journal of Mechanical Design},
  volume={140},
  number={12},
  year={2018},
  publisher={American Society of Mechanical Engineers Digital Collection}
}

@article{hartmann2017portuguese,
  title={Portuguese word embeddings: Evaluating on word analogies and natural language tasks},
  author={Hartmann, Nathan and Fonseca, Erick and Shulby, Christopher and Treviso, Marcos and Rodrigues, Jessica and Aluisio, Sandra},
  journal={arXiv preprint arXiv:1708.06025},
  year={2017}
}

@article{mikolov2013efficient,
  title={Efficient estimation of word representations in vector space},
  author={Mikolov, Tomas and Chen, Kai and Corrado, Greg and Dean, Jeffrey},
  journal={arXiv preprint arXiv:1301.3781},
  year={2013}
}

@article{mikolov2013distributed,
  title={Distributed representations of words and phrases and their compositionality},
  author={Mikolov, Tomas and Sutskever, Ilya and Chen, Kai and Corrado, Greg and Dean, Jeffrey},
  journal={arXiv preprint arXiv:1310.4546},
  year={2013}
}

@inproceedings{mikolov2013linguistic,
  title={Linguistic regularities in continuous space word representations},
  author={Mikolov, Tom{\'a}{\v{s}} and Yih, Wen-tau and Zweig, Geoffrey},
  booktitle={Proceedings of the 2013 conference of the north american chapter of the association for computational linguistics: Human language technologies},
  pages={746--751},
  year={2013}
}

@article{sahlgren2008distributional,
  title={The distributional hypothesis},
  author={Sahlgren, Magnus},
  journal={Italian Journal of Disability Studies},
  volume={20},
  pages={33--53},
  year={2008}
}

@article{harris1954distributional,
  title={Distributional structure},
  author={Harris, Zellig S},
  journal={Word},
  volume={10},
  number={2-3},
  pages={146--162},
  year={1954},
  publisher={Taylor \& Francis}
}

@ARTICLE{bojanowski2016enriching,
       author = {{Bojanowski}, Piotr and {Grave}, Edouard and {Joulin}, Armand and {Mikolov}, Tomas},
        title = "{Enriching Word Vectors with Subword Information}",
      journal = {arXiv e-prints},
     keywords = {Computer Science - Computation and Language, Computer Science - Machine Learning},
         year = 2016,
        month = jul,
          eid = {arXiv:1607.04606},
        pages = {arXiv:1607.04606},
archivePrefix = {arXiv},
       eprint = {1607.04606},
 primaryClass = {cs.CL},
       adsurl = {https://ui.adsabs.harvard.edu/abs/2016arXiv160704606B},
      adsnote = {Provided by the SAO/NASA Astrophysics Data System}
}

@ARTICLE{joulin2016bag,
       author = {{Joulin}, Armand and {Grave}, Edouard and {Bojanowski}, Piotr and {Mikolov}, Tomas},
        title = "{Bag of Tricks for Efficient Text Classification}",
      journal = {arXiv e-prints},
     keywords = {Computer Science - Computation and Language},
         year = 2016,
        month = jul,
          eid = {arXiv:1607.01759},
        pages = {arXiv:1607.01759},
archivePrefix = {arXiv},
       eprint = {1607.01759},
 primaryClass = {cs.CL},
       adsurl = {https://ui.adsabs.harvard.edu/abs/2016arXiv160701759J},
      adsnote = {Provided by the SAO/NASA Astrophysics Data System}
}

@ARTICLE{joulin2016fasttext,
       author = {{Joulin}, Armand and {Grave}, Edouard and {Bojanowski}, Piotr and {Douze}, Matthijs and {J{\'e}gou}, H{\'e}rve and {Mikolov}, Tomas},
        title = "{FastText.zip: Compressing text classification models}",
      journal = {arXiv e-prints},
     keywords = {Computer Science - Computation and Language, Computer Science - Machine Learning},
         year = 2016,
        month = dec,
          eid = {arXiv:1612.03651},
        pages = {arXiv:1612.03651},
archivePrefix = {arXiv},
       eprint = {1612.03651},
 primaryClass = {cs.CL},
       adsurl = {https://ui.adsabs.harvard.edu/abs/2016arXiv161203651J},
      adsnote = {Provided by the SAO/NASA Astrophysics Data System}
}


@article{dyer2014notes,
  title={Notes on noise contrastive estimation and negative sampling},
  author={Dyer, Chris},
  journal={arXiv preprint arXiv:1410.8251},
  year={2014}
}

@article{goldberg2014word2vec,
  title={word2vec Explained: deriving Mikolov et al.'s negative-sampling word-embedding method},
  author={Goldberg, Yoav and Levy, Omer},
  journal={arXiv preprint arXiv:1402.3722},
  year={2014}
}

@article{vargas2019characterization,
  title={Characterization of citizens using word2vec and latent topic analysis in a large set of tweets},
  author={Vargas-Calder{\'o}n, Vladimir and Camargo, Jorge E},
  journal={cities},
  volume={92},
  pages={187--196},
  year={2019},
  publisher={Elsevier}
}



